[gd_scene load_steps=8 format=2]

[ext_resource path="res://Textures/Asphalt.tres" type="Material" id=1]
[ext_resource path="res://Car Iterations/Car 3.tscn" type="PackedScene" id=2]
[ext_resource path="res://default_env.tres" type="Environment" id=3]

[sub_resource type="PlaneShape" id=1]

[sub_resource type="PlaneMesh" id=2]
size = Vector2( 1000, 1000 )

[sub_resource type="CubeMesh" id=3]

[sub_resource type="BoxShape" id=4]

[node name="Node" type="Node"]

[node name="StaticBody" type="StaticBody" parent="."]
transform = Transform( 1, 0, 0, 0, 1, 0, 0, 0, 1, 0, -0.0532713, 0 )

[node name="CollisionShape" type="CollisionShape" parent="StaticBody"]
shape = SubResource( 1 )

[node name="Floor" type="MeshInstance" parent="StaticBody"]
mesh = SubResource( 2 )
material/0 = ExtResource( 1 )

[node name="Car2" parent="." instance=ExtResource( 2 )]
transform = Transform( 1, 0, 0, 0, 1, 0, 0, 0, 1, 0, 0.596729, 0 )
max_speed = 5000.0
acceleration = 0.5
turn_rate = 0.1
turn_acceleration = 0.4

[node name="Camera" type="Camera" parent="Car2"]
transform = Transform( -1.56121e-007, 0.134691, -0.990888, -2.05194e-008, 0.990888, 0.134691, 1, 4.13605e-008, -1.51935e-007, -4.59459, 1.61043, 0 )
environment = ExtResource( 3 )

[node name="DirectionalLight" type="DirectionalLight" parent="."]
transform = Transform( 1, 0, 0, 0, 0.766044, 0.642788, 0, -0.642788, 0.766044, 0, 2, 0 )
shadow_enabled = true

[node name="StaticBody2" type="StaticBody" parent="."]
transform = Transform( 1, 0, 0, 0, 1, 0, 0, 0, 2.13831, 0, 0.531913, -9.1835 )

[node name="MeshInstance" type="MeshInstance" parent="StaticBody2"]
transform = Transform( 1, 0, 0, 0, 1, 0, 0, 0, 1, 0, 0.404794, 0 )
mesh = SubResource( 3 )
material/0 = null

[node name="CollisionShape" type="CollisionShape" parent="StaticBody2"]
transform = Transform( 1, 0, 0, 0, 1, 0, 0, 0, 1, 0, 0.414897, 0 )
shape = SubResource( 4 )

[node name="StaticBody3" type="StaticBody" parent="."]
transform = Transform( -0.618368, 0, -1.68047, 0, 1.13314, 0, 0.785889, 0, -1.32226, 30.7448, 0.531913, -3.25212 )

[node name="MeshInstance" type="MeshInstance" parent="StaticBody3"]
transform = Transform( 1, 0, 0, 0, 1, 0, 0, 0, 1, 0, 0.404794, 0 )
mesh = SubResource( 3 )
material/0 = null

[node name="CollisionShape" type="CollisionShape" parent="StaticBody3"]
transform = Transform( 1, 0, 0, 0, 1, 0, 0, 0, 1, 0, 0.414897, 0 )
shape = SubResource( 4 )
